# GENERAL NOTES
#
# This list is quasi alphabetical.  You can look under the first letter of the
# reference.  Just append new entries in that list.  If you really want you can
# make it fully alphabetical too.  There may be exceptions.  
# 1) instead of Abbott, LSC papers are under L for LSC
#
#

####### 
#  A  #
#######

%% This BibTeX bibliography file in UTF-8 format was created using Papers.
%% http://mekentosj.com/papers/

@article{Abadie:2010p10836,
author = {J Abadie and B Abbott and R Abbott{\ldots}}, 
journal = {{\ldots} and Quantum Gravity},
title = {Predictions for the rates of compact binary coalescences observable by ground-based gravitational-wave detectors},
abstract = {Page 1. Predictions for the rates of compact binary coalescences observable by ground-based gravitational-wave detectors This article has been downloaded from IOPscience. Please scroll down to see the full text article. 2010 Class. Quantum Grav. 27 173001 ...},
year = {2010},
month = {Jan},
date-added = {2010-12-24 12:50:20 -0800},
date-modified = {2010-12-24 12:50:20 -0800},
pmid = {6764602931280710787related:g4yNjYay4F0J},
URL = {http://iopscience.iop.org/0264-9381/27/17/173001},
local-url = {file://localhost/Users/lady3jane/Documents/Papers/2010/Abadie/%E2%80%A6%20and%20Quantum%20Gravity%202010%20Abadie.pdf},
uri = {papers://CF6CF102-50E5-4E13-A972-FB4595A0B2BF/Paper/p10836},
rating = {0}
}



@Article{Anderson:2000yy,
     author    = "Anderson, Warren G. and Brady, Patrick R. and Creighton,
                  Jolien D. E. and Flanagan, Eanna E.",
     title     = "An excess power statistic for detection of burst sources of
                  gravitational radiation",
     journal   = "Phys. Rev.",
     volume    = "D63",
     year      = "2001",
     pages     = "042003",
     eprint    = "gr-qc/0008066",
     SLACcitation  = "%%CITATION = GR-QC/0008066;%%"
}

@Article{findchirppaper,
     author    = "Allen, B. A. and Anderson, W. G. and Brady, P. R. and
     Brown, D. A. and Creighton, J. D. E.",
     title     = "{FINDCHIRP}: an algorithm for detection of gravitational waves from inspiraling compact binaries",
     year      = "2005",
     eprint      = "gr-qc/0509116"
}

@Article{Allen:2004,
     author    = "Bruce Allen",
     title     = "A $\chi^2$ {time-frequency} discriminator for
                    gravitational wave detection",
     journal   = "Phys. Rev. D",
     volume    = 71,
     pages     = 062001,
     year      = "2005"
}


####### 
#  B  #
#######

@article{ beauville2008,
author = "F. Beauville and M.-A. Bizouard  and L. Blackburn  and L. Bosi  and L. Brocco and D. Brown and D. Buskulic and F. Cavalier and S. Chatterji and N. Christensen and A.-C. Clapson and S. Fairhurst and D. Grosjean and G. Guidi and P. Hello and S. Heng and M. Hewitson and E. Katsavounidis and S. Klimenko and M. Knight and A. Lazzarini and N. Leroy and F. Marion and J. Markowitz and C. Melachrinos and B. Mours and F. Ricci and A. Viceré and I. Yakushin and M. Zanolin",
title = {Detailed comparison of {LIGO} and {Virgo} Inspiral Pipelines in Preparation for a Joint Search},
journal = {Class. Quant. Grav.},
volume = {25},
number = {25},
pages = {045001},
year = {2008},
doi = {10.1088/0264-9381/25/4/045001},
URL = {	arXiv:gr-qc/0701027v1},
eprint = {http://www.iop.org/EJ/abstract/0264-9381/25/4/045001/}
}

@article{beauville2006,
author = "F.Beauville and M.-A.Bizouard and L.Blackburn and L.Bosi and P.Brady and L.Brocco and D.Brown and  D.Buskulic and F.Cavalier and  S.Chatterji and N.Christensen and A.-C.Clapson and S.Fairhurst and D.Grosjean and G.Guidi and P.Hello and E.Katsavounidis and M.Knight and A.Lazzarini and N.Leroy and F.Marion and B.Mours and F.Ricci and A.Vicere and M.Zanolin",
title = {Benefits of joint {LIGO -- Virgo} coincidence searches for burst and inspiral signals},
journal = {J. Phys. Conf. Ser.},
volume = {32},
number = {32},
pages = {212},
year = {2006},
URL = {	arXiv:gr-qc/0509041v1},
}

@article{blackburn2005,
author = "L.Blackburn and F.Beauville and M.-A.Bizouard and L.Bosi and P.Brady and L.Brocco and D.Brown and D.Buskulic and S.Chatterji and N.Christensen and A.-C.Clapson and S.Fairhurst and D.Grosjean and G.Guidi and P.Hello and E.Katsavounidis and M.Knight and A.Lazzarini and F.Marion and B.Mours and F.Ricci and A.Vicere and M.Zanolin",
title = {A First Comparison Between LIGO and Virgo Inspiral Search Pipelines},
journal = {Class. Quant. Grav.},
volume = {22},
number = {22},
pages = {S1149-S1158},
year = {2005},
URL = {arXiv:gr-qc/0504050v1},
}


@Article{BuonannoChenVallisneri:2003a,
     author    = "Buonanno, Alessandra and Chen, Yanbei and Vallisneri, Michele",
     title     = "Detection template families for gravitational waves from the final
                  stages of binary-black-hole inspirals: Nonspinning case",
     journal   = "Phys. Rev. D",
     volume    = 67,
     year      = 2003,
     pages     = 024016,
     note = "Erratum-ibid. 74 (2006) 029903(E)"
}

@Article{Blanchet:2002av,
     author    = "Blanchet, Luc",
     title     = "Gravitational radiation from post-{N}ewtonian sources and
                  inspiralling  compact binaries",
     journal   = "Living Rev. Rel.",
     volume    = "4",
     year      = "2002",
     pages     = "3",
     eprint    = "gr-qc/0202016",
     SLACcitation  = "%%CITATION = GR-QC 0202016;%%"
}

@Article{Blanchet:2001ax,
     author    = "Blanchet, Luc and Faye, Guillaume and Iyer, Bala R. and
                  Joguet, Benoit",
     title     = "Gravitational-wave inspiral of compact binary systems to
                  7/2  post-{N}ewtonian order",
     journal   = "Phys. Rev. D",
     volume    = "65",
     year      = "2002",
     pages     = "061501(R)",
     eprint    = "gr-qc/0105099",
     SLACcitation  = "%%CITATION = GR-QC 0105099;%%"
}

@Article{blanchet2002,
     author    = "Blanchet, Luc",
     title     = "Innermost circular orbit of binary black holes at the third post-Newtonian approximation",
     journal   = "Phys. Rev. D",
     volume    = "65",
     year      = "2002",
}


@article{ bradyraymajumder2004,
        author = "Patrick R. Brady and Saikat Ray-Majumder",
        title = "Incorporating Information From Source Simulations Into Searches for Gravitational-Wave Bursts",
        journal = "Classical and Quantum Gravity",
        volume = "21",
        pages = "S1839--S1848",
        year = "2004",
        doi = "10.1088/0264-9381/21/20/027",
        url = "arXiv:gr-qc/0405036"
}


####### 
#  C  #
#######

# Class.Quant.Grav.25:184020,2008
@article{ Candes2008,
	author = "Emmanuel J. Candès and Philip R. Charlton and Hannes Helgason",
        title = "Gravitational wave detection using multiscale chirplets",
	journal = {Class. Quant. Grav},
	volume = {25},
        doi = {10.1088/0264-9381/25/18/184020},
        url = {http://arxiv.org/abs/0806.4417},
        year = {2008},
        pages = {184020}
}

# Phys. Rev. D73 (2006) 042003
@article{ Chassande-Mottin2006,
        author = "Eric Chassande-Mottin and Archana Pai",
        title = "Best chirplet chain: near-optimal detection of gravitational wave chirps"
,
        journal = {Phys. Rev. D},
        volume = {73},
        doi = {},
        url = {http://arxiv.org/abs/gr-qc/0512137},
        year = {2006},
        pages = {042003}
}

@article{ cavalier2006,
author = "F. Cavalier (LAL) and M. Barsuglia (LAL) and M.-A. Bizouard (LAL) and V. Brisson (LAL) and A.-C. Clapson (LAL) and M. Davier (LAL) and P. Hello (LAL) and S. Kreckelbergh (LAL) and N. Leroy (LAL) and M. Varvella (LAL)",
title = {Reconstruction of source location in a network of gravitational wave interferometric detectors},
journal = {Phys. Rev. D},
volume = {25}, 
number = {25},
pages = {082004},
year = {2006}, 
doi = {10.1103/PhysRevD.74.082004},
URL = {arXiv:gr-qc/0609118v2},
}


@article{Cannon:2010p10398,
author = {Kipp Cannon and Adrian Chapman and Chad Hanna and Drew Keppel and Antony C Searle and Alan J Weinstein}, 
journal = {Physical Review D},
title = {Singular value decomposition applied to compact binary coalescence gravitational-wave signals},
abstract = {We investigate the application of the singular value decomposition to compact-binary, gravitational-wave data-analysis. We find that the truncated singular value decomposition reduces the number of filters required to analyze a given region of parameter space of compact-binary coalescence waveforms by an order of magnitude with high reconstruction accuracy. We also compute an analytic expression for the expected signal loss due to the singular value decomposition truncation.},
affiliation = {AA(LIGO Laboratory, California Institute of Technology, Pasadena, California 91125, USA), AB(LIGO Laboratory, California Institute of Technology, Pasadena, California 91125, USA), AC(LIGO Laboratory, California Institute of Technology, Pasadena, California 91125, USA), AD(LIGO Laboratory, California Institute of Technology, Pasadena, California 91125, USA; Theoretical Astrophysics, California Institute of Technology, Pasadena, California 91125, USA), AE(LIGO Laboratory, California Institute of Technology, P...},
note = {(c) :},
pages = {44025},
volume = {82},
year = {2010},
month = {Aug},
keywords = {Gravitational waves: theory, data management, Data analysis: algorithms and implementation}, 
date-added = {2010-12-21 20:00:42 -0800},
date-modified = {2010-12-21 20:00:42 -0800},
doi = {10.1103/PhysRevD.82.044025},
pmid = {2010PhRvD..82d4025C},
URL = {http://adsabs.harvard.edu/cgi-bin/nph-data_query?bibcode=2010PhRvD..82d4025C&link_type=ABSTRACT},
local-url = {file://localhost/Users/lady3jane/Documents/Papers/2010/Cannon/Physical%20Review%20D%202010%20Cannon.pdf},
uri = {papers://CF6CF102-50E5-4E13-A972-FB4595A0B2BF/Paper/p10398},
rating = {0}
}

@unpublished{svd-compdetstat,
	author = {Kipp Cannon and Chad Hanna and Drew Keppel and Antony C Searle},
	title =  {Composite gravitational-wave detection of compact binary coalescence},
	note = {In preparation},
	uri = {https://dcc.ligo.org/cgi-bin/private/DocDB/ShowDocument?docid=10296}
}


####### 
#  D  #
#######

@Article{Droz:1999qx,
     author    = "Droz, Serge and Knapp, Daniel J. and Poisson, Eric and
                  Owen, Benjamin J.",
     title     = "Gravitational waves from inspiraling compact binaries:
                  Validity of the  stationary-phase approximation to the
                  Fourier transform",
     journal   = "Phys. Rev. D",
     volume    = "59",
     year      = "1999",
     pages     = "124016",
     SLACcitation  = "%%CITATION = GR-QC 9901076;%%"
}

@Article{Droz:1998,
     author    = "Droz, Serge",
     title     = "Gravitational waves from inspiraling compact binaries:
                  Second  post-{N}ewtonian wave forms as search templates. II",
     journal   = "Phys. Rev. D",
     volume    = 59,
     year      = 1999,
     pages     = 064030
}

@Article{Droz:1997,
     author    = "Droz, Serge, and Poisson, Eric",
     title     = "Gravitational waves from inspiraling compact binaries:
                  Second  post-{N}ewtonian wave forms as search templates",
     journal   = "Phys. Rev. D",
     volume    = 56,
     year      = 1997,
     pages     = 4449
}


####### 
#  E  #
#######

####### 
#  F  #
#######

@article{finn1993,
        author = "Finn, L.S. and Chernoff, D.F.",
        title = "Observing binary inspiral in gravitational radiation: One interferometer", 
        journal = "Phys. Rev. D",
        volume = "47",
        pages="2198-2219",
        year="1993"
}


####### 
#  G  #
#######

####### 
#  H  #
#######

@article{hanna2009,
        author = " Chad Hanna and Miguel Megevand and Evan Ochsner and Carlos Palenzuela",
        title = "A method for estimating time–frequency characteristics of compact binary mergers to improve searches for inspiral, merger and ring-down phases separately",
        journal = "Class. Quantum Grav.",
        volume = "26",
        pages="015009",
        year="2009",
        doi = {10.1088/0264-9381/26/1/015009}
}



@article{ heng2008,
        author = "Ik Siong Heng",
        title = "Supernova Waveform Catalogue Decompositon: a Principal Component Analysis Approach",
        url = "arXiv:0810.5707v1 [gr-qc]",
    	year = {2008}
}

####### 
#  I  #
#######

####### 
#  J  #
#######


@article{Johnson:2007p9654,
author = {S Johnson and M Frigo}, 
journal = {Signal Processing, IEEE Transactions on},
title = {A Modified Split-Radix FFT With Fewer Arithmetic Operations},
abstract = {Recent results by Van Buskirk have broken the record set by Yavne in 1968 for the lowest exact count of real additions and multiplications to compute a power-of-two discrete Fourier transform (DFT). Here, we present a simple recursive modification of the split-radix algorithm that computes the DFT with asymptotically about 6% fewer operations than Yavne, matching the count achieved by Van Buskirk's program-generation framework. We also discuss the application of our algorithm to real-data and real-symmetric (discrete cosine) transforms, where we are again able to achieve lower arithmetic counts than previously published algorithms},
number = {1},
pages = {111 -- 119},
volume = {55},
year = {2007},
date-added = {2010-10-05 16:05:38 -0700},
date-modified = {2010-10-05 16:05:38 -0700},
doi = {10.1109/TSP.2006.882087},
pmid = {4034175},
URL = {http://ieeexplore.ieee.org/search/srchabstract.jsp?tp=&arnumber=4034175&queryText%253D%2528%2528Document+Title%253Aa+modified+split-radix+fft+with+fewer%2529%2529%2526openedRefinements%253D*%2526sortType%253Ddesc_Publication+Year%2526matchBoolean%253Dtrue%2526rowsPerPage%253D50%2526searchField%253DSearch+All},
local-url = {file://localhost/Users/lady3jane/Documents/Papers/2007/Johnson/Signal%20Processing%20IEEE%20Transactions%20on%202007%20Johnson.pdf},
uri = {papers://CF6CF102-50E5-4E13-A972-FB4595A0B2BF/Paper/p9654},
rating = {0}
}


####### 
#  K  #
#######

@article{kanner2008,
        author = "Jonah Kanner and Tracy L. Huard and Szabolcs Marka and David C. Murphy and Jennifer Piscionere and Molly Reed and Peter Shawhan",
        title = "{LOOC UP}: Locating and observing optical counterparts to gravitational wave bursts",
        url = "arXiv:0803.0312v4 [astro-ph]",
   	year = {2008}
}


@article{kidder1992,
	author = "Kidder L E and Will C M and Wiseman A G",
  	title = "Innermost stable orbits for coalescing binary systems of compact objects",
 	year = "1992",
	journal = "Class. Quantum Grav.",
	volume = {9},
	pages = {L125-31}
}

@article{kopparapu2008,
author = "Kopparapu,Ravi Kumar and Hanna,Chad and Kalogera,Vicky and O'Shaughnessy,Richard and Gonzalez,Gabriela and Brady,Patrick R. and Fairhurst,Stephen",
title = {Host Galaxies Catalog Used in {LIGO} Searches for Compact Binary Coalescence Events},
journal = {The Astrophysical Journal},
volume = {675},
number = {2},
pages = {1459-1467},
year = {2008},
doi = {10.1086/527348},
URL = {http://www.journals.uchicago.edu/doi/abs/10.1086/527348},
eprint = {http://www.journals.uchicago.edu/doi/pdf/10.1086/527348}
}


####### 
#  L  #
#######

@Article{LIGOS1instpaper,
     author    = "B. Abbott and others ",
     title     = "Detector Description and Performance for the First  Coincidence Observations between {LIGO} and {GEO}",
     collaboration = "{LIGO} Scientific Collaboration",
     journal   = "Nucl. Instrum. Methods",
     volume    = "A517",
     year      = "2004",
     pages     = "154-179",
     number    = "{LIGO}-P030024-00-R",
     omit_eprint    = "gr-qc/0308043"
}


@article{GRB070201,
  author = "{LIGO} Scientific Collaboration and K. Hurley",
  title = {Implications for the Origin of {GRB} 070201 from {LIGO} Observations},
  journal = {The Astrophysical Journal},
  volume = {681},
  number = {2},
  pages = {1419-1430},
  year = {2008},
  doi = {10.1086/587954},
  url = {http://arxiv.org/abs/0711.1163}
}

@article{ triggeredsearches2008,
author = "{LIGO} Scientific Collaboration and Virgo Collaboration",
title = {Astrophysically Triggered Searches for Gravitational Waves: Status and Prospects},
journal = {Class. Quant. Grav.},
volume = {25},
number = {25},
pages = {114051},
year = {2008},
doi = {10.1088/0264-9381/25/11/114051},
URL = {arXiv:0802.4320v1 [gr-qc]},
eprint = {http://www.iop.org/EJ/abstract/0264-9381/25/11/114051/}
}


@article{Abbott:2007xi,
  author = "Abbott, B. and others",
  collaboration = {LIGO Scientific},
  title = {Search for gravitational waves from binary inspirals in {S3}
                  and {S4} {LIGO} data},
  journal = {Phys. Rev.},
  volume = {D77},
  year = {2008},
  pages = {062002},
  url = {http://arxiv.org/abs/0704.3368},
  doi = {10.1103/PhysRevD.77.062002}
}

@article{Abbott:2005qm,
  author = "Abbott, B. and others",
  collaboration = {LIGO Scientific},
  title = {{Joint LIGO and TAMA300 search for gravitational waves from
                  inspiralling  neutron star binaries}},
  journal = {Phys. Rev.},
  volume = {D73},
  year = {2006},
  pages = {102002},
  url = {http://arxiv.org/abs/gr-qc/0512078},
  doi = {10.1103/PhysRevD.73.102002}
}



####### 
#  M  #
#######

@article{ markowitz2008,
        author = "J. Markowitz and M. Zanolin and L. Cadonati and E. Katsavounidis",
        title = "Gravitational Wave Burst Source Direction Estimation using Time and Amplitude Information",
        url = "arXiv:0810.2264v1 [gr-qc]",
        year = {2008}
}


####### 
#  N  #
#######

####### 
#  O  #
#######

@Article{Owen:1995tm,
     author    = "Owen, Benjamin J.",
     title     = "Search templates for gravitational waves from inspiraling
                  binaries: Choice of template spacing",
     journal   = "Phys. Rev. D",
     volume    = "53",
     year      = "1996",
     pages     = "6749-6761",
     omit_eprint    = "gr-qc/9511032",
     SLACcitation  = "%%CITATION = GR-QC 9511032;%%"
}


@Article{Owen:1998dk,
     author    = "Benjamin J. Owen and B. S. Sathyaprakash",
     title     = "Matched filtering of gravitational waves from inspiraling
                  compact  binaries: Computational cost and template
                  placement",
     journal   = "Phys. Rev. D",
     volume    = 60,
     year      = 1999,
     pages     = 022002
}


####### 
#  P  #
#######

####### 
#  Q  #
#######

####### 
#  R  #
#######

@article{ raymond2008,
        author = "V. Raymond and M.V. van der Sluys and I. Mandel and V. Kalogera and C. Roever and N. Christensen",
        title = "Degeneracies in Sky Localisation Determination from a Spinning Coalescing Binary through Gravitational Wave Observations: a Markov-Chain Monte-Carlo Analysis for two Detectors",
        url = "	arXiv:0812.4302v1 [gr-qc]",
        year = {2008}
}


####### 
#  S  #
#######

@article{sylvestre2003,
author = "Julien Sylvestre",
title = {Prospects for the detection of electromagnetic counterparts to gravitational wave events},
journal = {Astrophys. J.},
volume = {591},
number = {591},
pages = {1152-1156},
year = {2003},
URL = {arXiv:astro-ph/0303512v1},
}


@article{Scharf:1994p12497,
author = {Scharf}, 
journal = {Signal Processing, IEEE Transactions on},
title = {Matched subspace detectors},
abstract = {We formulate a general class of problems for detecting subspace signals in subspace interference and broadband noise. We derive the generalized likelihood ratio (GLR) for each problem in the class. We then establish the invariances for the GLR and argue that these are the natural invariances for the problem. In each case, the GLR is a maximal invariant statistic, and the distribution of the maximal invariant statistic is monotone. This means that the GLR test (GLRT) is the uniformly most powerful invariant detector. We illustrate the utility of this finding by solving a number of problems for detecting subspace signals in subspace interference and broadband noise. In each case we give the distribution for the detector and compute performance curves},
number = {8},
pages = {2146 -- 2157},
volume = {42},
year = {1994},
date-added = {2011-01-25 08:50:11 -0800},
date-modified = {2011-01-25 08:50:11 -0800},
doi = {10.1109/78.301849},
pmid = {301849},
URL = {http://ieeexplore.ieee.org/search/srchabstract.jsp?tp=&arnumber=301849&queryText%253D%2528%2528Matched+subspace+detectors%2529+AND+%2528scharf%2529%2529%2526openedRefinements%253D*%2526sortType%253Ddesc_Publication+Year%2526matchBoolean%253Dtrue%2526rowsPerPage%253D50%2526searchField%253DSearch+All},
local-url = {file://localhost/Users/lady3jane/Documents/Papers/1994/Scharf/Signal%20Processing%20IEEE%20Transactions%20on%201994%20Scharf.pdf},
uri = {papers://CF6CF102-50E5-4E13-A972-FB4595A0B2BF/Paper/p12497},
read = {Yes},
rating = {0}
}

####### 
#  T  #
#######

####### 
#  U  #
#######

####### 
#  V  #
#######

####### 
#  W  #
#######

#Int.J.Mod.Phys.D17:1095-1104,2008
@article{ wen2008,
        author = "Linqing Wen",
        title = "Data Analysis of Gravitational Waves Using A Network of Detectors",
        journal = {Int. J. Mod. Phys. D},
        volume = {17},
        pages = {1095-1104},
        year = {2008},
        doi = {10.1142/S0218271808012723},
        url = {http://arxiv.org/abs/gr-qc/0702096v2}
}

@Book{wainstein:1962,
  author        = "L A Wainstein and V D Zubakov",
  title         = "Extraction of signals from noise",
  publisher     = "Prentice-Hall",
  address       = "Englewood Cliffs, NJ",
  year          = "1962"
}


####### 
#  X  #
#######

####### 
#  Y  #
#######

####### 
#  Z  #
#######

